@online{mg22Repo,
    title={The Github repo with all the work done in the course of my thesis},
    author={Kolb, Yiftach},
    url={https://github.com/zelhar/mg22}
}
@online{mpgvaeRepo,
    title={The "official" git for the c*GMÎ”VAE project},
    author={Kolb, Yiftach},
    url={https://github.com/zelhar/mg22}
}

